@inproceedings{weinberger2005distance,
  title={Distance metric learning for large margin nearest neighbor classification},
  author={Weinberger, Kilian Q and Blitzer, John and Saul, Lawrence K},
  booktitle={Advances in neural information processing systems},
  pages={1473--1480},
  year={2005}
}




@article{xing2003distance,
  title={Distance metric learning with application to clustering with side-information},
  author={Xing, Eric P and Ng, Andrew Y and Jordan, Michael I and Russell, Stuart},
  journal={Advances in neural information processing systems},
  volume={15},
  pages={505--512},
  year={2003},
  publisher={MIT; 1998}
}
@article{weinberger2009distance,
  title={Distance metric learning for large margin nearest neighbor classification},
  author={Weinberger, Kilian Q and Saul, Lawrence K},
  journal={Journal of Machine Learning Research},
  volume={10},
  number={Feb},
  pages={207--244},
  year={2009}
}

@inproceedings{yang2006efficient,
  title={An efficient algorithm for local distance metric learning},
  author={Yang, Liu and Jin, Rong and Sukthankar, Rahul and Liu, Yi},
  booktitle={AAAI},
  volume={2},
  pages={543--548},
  year={2006}
}

@article{ying2012distance,
  title={Distance metric learning with eigenvalue optimization},
  author={Ying, Yiming and Li, Peng},
  journal={Journal of Machine Learning Research},
  volume={13},
  number={Jan},
  pages={1--26},
  year={2012}
}


@inproceedings{rosales2006learning,
  title={Learning sparse metrics via linear programming},
  author={Rosales, R{\'o}mer and Fung, Glenn},
  booktitle={Proceedings of the 12th ACM SIGKDD international conference on Knowledge discovery and data mining},
  pages={367--373},
  year={2006},
  organization={ACM}
}


@article{schultz2004learning,
  title={Learning a distance metric from relative comparisons},
  author={Schultz, Matthew and Joachims, Thorsten},
  journal={Advances in neural information processing systems (NIPS)},
  pages={41},
  year={2004}
}

